<?xml version="1.0" encoding="UTF-8"?><collection xmlns="http://www.loc.gov/MARC21/slim"><record><leader>00396nam--2200157-i-4500</leader><controlfield tag="001">000046861</controlfield><controlfield tag="002">20161230</controlfield><controlfield tag="005">20161230201046</controlfield><controlfield tag="008">060222s1000------------r-----000-0-eng-d</controlfield><datafield ind1=" " ind2=" " tag="040"><subfield code="a">IFIN-HH</subfield></datafield><datafield ind1="1" ind2=" " tag="100"><subfield code="a">Walsh, John W.T</subfield></datafield><datafield ind1="1" ind2="0" tag="245"><subfield code="a">Photometry</subfield><subfield code="c">John w.t. walsh</subfield></datafield><datafield ind1=" " ind2=" " tag="260"><subfield code="a">London</subfield><subfield code="b">Constable &amp; Company Ltd</subfield><subfield code="c">[1953]</subfield></datafield><datafield ind1=" " ind2=" " tag="300"><subfield code="a">XXIV+544P</subfield></datafield><datafield ind1=" " ind2=" " tag="852"><subfield code="a">10139</subfield><subfield code="c">535</subfield></datafield><datafield ind1=" " ind2=" " tag="CAT"><subfield code="a">Sys</subfield><subfield code="c">20101018</subfield><subfield code="h">111854</subfield></datafield></record></collection>